@article{langmuir26,
    author = "Martin Lambers and Andreas Kolb",
    title = "Automatic Point Target Detection for Interactive Visual Analysis of SAR Images",
    journal = "Phys. Rev.",
    volume = "28",
    year = "1926",
    langid = "english"
}

@inbook{morse74,
    author = "Ian G. Cumming, Frank H. Wong",
    title = "Digital processing of synthetic aperture radar data",
    year = 1974
}

@conference{kiselyov14_conf,
    author = "В. С. Верба Л. Б. Неронский И. Г. Осипов В. Э. Турук",
    title = "Радиолокационные системы землеобзора космического базирования",
    year = 2014,
    langid = "russian"
}
